<?xml version="1.0" encoding="UTF-8"?><collection xmlns="http://www.loc.gov/MARC21/slim"><record><leader>00383nam--2200133-i-4500</leader><controlfield tag="001">000047811</controlfield><controlfield tag="002">20161230</controlfield><controlfield tag="005">20161230201046</controlfield><controlfield tag="008">060222s1000------------r-----000-0-eng-d</controlfield><datafield ind1=" " ind2=" " tag="100"><subfield code="a">Younes, Charles</subfield></datafield><datafield ind1=" " ind2=" " tag="245"><subfield code="a">Etude thermodinamiquw par spectrometrie de masse du systeme u-ce-c. these</subfield></datafield><datafield ind1=" " ind2=" " tag="260"><subfield code="a">Paris, L</subfield></datafield><datafield ind1=" " ind2=" " tag="490"><subfield code="a">Univ., 1977, 75p.+dif.P</subfield></datafield><datafield ind1=" " ind2=" " tag="852"><subfield code="a">546.791:546.655:621.384.8(043)</subfield></datafield></record></collection>